<collection xmlns="http://www.loc.gov/MARC21/slim">
<record>
  <leader>01147nam0a22002171i 450 </leader>
  <controlfield tag="001">IT\ICCU\CNCE\021106</controlfield>
  <controlfield tag="005">20080327000000.0</controlfield>
  <datafield tag="012" ind1=" " ind2=" ">
    <subfield code="a">o-u- r.r. r.r. 1717 (C) 1544 (Q)</subfield>
    <subfield code="2">fei</subfield>
  </datafield>
  <datafield tag="100" ind1=" " ind2=" ">
    <subfield code="a">19970101f15441557    0itac0103    ba</subfield>
  </datafield>
  <datafield tag="101" ind1=" " ind2=" ">
    <subfield code="a">ITA</subfield>
  </datafield>
  <datafield tag="102" ind1=" " ind2=" ">
    <subfield code="a">IT</subfield>
  </datafield>
  <datafield tag="200" ind1="1" ind2=" ">
    <subfield code="a">Kalendario perpetuo de le feste mobile. Calculato &amp; expurgato da ogni errore per frate Iouanne Augustino Perusino dell&apos;Ordine eremitano professo</subfield>
  </datafield>
  <datafield tag="210" ind1=" " ind2=" ">
    <subfield code="d">\tra il 1544 e il 1557!</subfield>
    <subfield code="e">Stampato nell&apos;inclita citta di Perugia</subfield>
    <subfield code="g">per Girollimo de Cosmo ditto il Bianchino dalleone &amp; Ottauiano Pitta compagni</subfield>
  </datafield>
  <datafield tag="215" ind1=" " ind2=" ">
    <subfield code="a">\24! c.</subfield>
    <subfield code="c">ill.</subfield>
    <subfield code="d">8ʻ</subfield>
  </datafield>
  <datafield tag="620" ind1=" " ind2=" ">
    <subfield code="a">IT</subfield>
    <subfield code="d">Perugia</subfield>
  </datafield>
  <datafield tag="700" ind1=" " ind2="0">
    <subfield code="a">Giovanni Agostino</subfield>
    <subfield code="c"> : da#Perugia</subfield>
    <subfield code="3">IT\ICCU\CNCA\006108</subfield>
  </datafield>
  <datafield tag="712" ind1="0" ind2="0">
    <subfield code="a">Bianchini, Girolamo &amp; Pitta, Ottaviano</subfield>
    <subfield code="3">IT\ICCU\CNCT\002054</subfield>
    <subfield code="4">650</subfield>
  </datafield>
  <datafield tag="791" ind1="0" ind2="0">
    <subfield code="a">Pitta, Ottaviano</subfield>
    <subfield code="3">IT\ICCU\CNCT\002055</subfield>
    <subfield code="z">Bianchini, Girolamo &amp; Pitta, Ottaviano</subfield>
  </datafield>
  <datafield tag="801" ind1=" " ind2="3">
    <subfield code="a">IT</subfield>
    <subfield code="b">ICCU</subfield>
    <subfield code="c">20201114</subfield>
  </datafield>
  <datafield tag="899" ind1=" " ind2=" ">
    <subfield code="a">Biblioteca nazionale centrale. Roma</subfield>
    <subfield code="1">RM0267</subfield>
    <subfield code="2">BVE CR</subfield>
  </datafield>
  <datafield tag="921" ind1=" " ind2=" ">
    <subfield code="a">IT\ICCU\CNCM\001261</subfield>
    <subfield code="b">Leone con spada e libri. Sullo sfondo paesaggio cittadino. In alto. Blanchinus Leonis</subfield>
    <subfield code="c">K147</subfield>
    <subfield code="c">V167</subfield>
    <subfield code="c">Z804</subfield>
    <subfield code="d">6,5 x 5,2</subfield>
    <subfield code="f">LEONE</subfield>
    <subfield code="f">SPADA</subfield>
    <subfield code="f">LIBRI</subfield>
    <subfield code="g">1517-1524</subfield>
  </datafield>
</record>
</collection>
